<record><leader>00000cas a22000007a 4500</leader><controlfield tag="001">13987434</controlfield><controlfield tag="008">860730d18uu1862paudn ne      0   b0eng  </controlfield><datafield ind1=" " ind2=" " tag="010"><subfield code="a">sn 86053606 </subfield></datafield><datafield ind1=" " ind2=" " tag="040"><subfield code="a">NPX</subfield><subfield code="b">eng</subfield><subfield code="c">NPX</subfield><subfield code="d">NPH</subfield><subfield code="d">DLC</subfield><subfield code="d">OCLCQ</subfield><subfield code="d">OCLCF</subfield><subfield code="d">DLC</subfield><subfield code="d">HUL</subfield></datafield><datafield ind1="0" ind2=" " tag="022"><subfield code="a">2473-1854</subfield><subfield code="l">2473-1854</subfield><subfield code="2">1</subfield></datafield><datafield ind1=" " ind2=" " tag="042"><subfield code="a">msc</subfield><subfield code="a">nsdp</subfield></datafield><datafield ind1=" " ind2=" " tag="043"><subfield code="a">n-us-pa</subfield></datafield><datafield ind1="0" ind2="0" tag="050"><subfield code="a">Newspaper</subfield></datafield><datafield ind1="1" ind2="0" tag="082"><subfield code="a">071</subfield><subfield code="2">23</subfield></datafield><datafield ind1="0" ind2=" " tag="130"><subfield code="a">Morning telegraph (Harrisburg, Pa. : 1861)</subfield></datafield><datafield ind1=" " ind2="0" tag="222"><subfield code="a">Morning telegraph</subfield><subfield code="b">(Harrisburg, Pa. 1861)</subfield></datafield><datafield ind1="1" ind2="0" tag="245"><subfield code="a">Morning telegraph.</subfield></datafield><datafield ind1="1" ind2="3" tag="246"><subfield code="a">Daily telegraph</subfield></datafield><datafield ind1="1" ind2="7" tag="246"><subfield code="a">Pennsylvania daily telegraph</subfield></datafield><datafield ind1=" " ind2=" " tag="260"><subfield code="a">Harrisburg, Pa. :</subfield><subfield code="b">George Bergner</subfield></datafield><datafield ind1=" " ind2=" " tag="300"><subfield code="a">v. ;</subfield><subfield code="c">56 cm.</subfield></datafield><datafield ind1=" " ind2=" " tag="310"><subfield code="a">Daily (except Sun.)</subfield></datafield><datafield ind1="1" ind2=" " tag="362"><subfield code="a">Ceased in 1862.</subfield></datafield><datafield ind1=" " ind2=" " tag="500"><subfield code="a">Published a weekly ed. (title unknown).</subfield></datafield><datafield ind1=" " ind2=" " tag="580"><subfield code="a">Evening eds.: Pennsylvania telegraph (Harrisburg, Pa. : 1857); Evening telegraph (Harrisburg, Pa. : 1862).</subfield></datafield><datafield ind1=" " ind2=" " tag="588"><subfield code="a">Description based on: May 21, 1861; title from caption.</subfield></datafield><datafield ind1=" " ind2="0" tag="651"><subfield code="a">Harrisburg (Pa.)</subfield><subfield code="v">Newspapers.</subfield></datafield><datafield ind1=" " ind2="7" tag="651"><subfield code="a">Pennsylvania</subfield><subfield code="z">Harrisburg.</subfield><subfield code="2">fast</subfield><subfield code="0">(OCoLC)fst01204725</subfield></datafield><datafield ind1=" " ind2="7" tag="655"><subfield code="a">Newspapers.</subfield><subfield code="2">fast</subfield><subfield code="0">(OCoLC)fst01423814</subfield></datafield><datafield ind1=" " ind2=" " tag="752"><subfield code="a">United States</subfield><subfield code="b">Pennsylvania</subfield><subfield code="c">Dauphin</subfield><subfield code="d">Harrisburg.</subfield></datafield><datafield ind1="1" ind2=" " tag="775"><subfield code="t">Pennsylvania daily telegraph (Harrisburg, Pa. : 1857)</subfield><subfield code="x">2473-0874</subfield><subfield code="w">(DLC)sn 84035968</subfield><subfield code="w">(OCoLC)11369769</subfield></datafield><datafield ind1="1" ind2=" " tag="775"><subfield code="t">Evening telegraph (Harrisburg, Pa. : 1862)</subfield><subfield code="x">2473-0890</subfield><subfield code="w">(DLC)sn 84035995</subfield><subfield code="w">(OCoLC)11369785</subfield></datafield></record>